<?xml version="1.0" encoding="UTF-8"?><collection xmlns="http://www.loc.gov/MARC21/slim"><record><leader>00385nam--2200133-i-4500</leader><controlfield tag="001">000023789</controlfield><controlfield tag="002">20161230</controlfield><controlfield tag="005">20161230201035</controlfield><controlfield tag="008">060222s1000------------r-----000-0-eng-d</controlfield><datafield ind1=" " ind2=" " tag="080"><subfield code="a">628.394:546.212</subfield></datafield><datafield ind1=" " ind2=" " tag="100"><subfield code="a">Husmann, W</subfield></datafield><datafield ind1=" " ind2=" " tag="245"><subfield code="a">Praxis der abwassrreinigung. dritte neubearbeitete auflage. mit 133 abbildungen</subfield></datafield><datafield ind1=" " ind2=" " tag="260"><subfield code="a">Berlin, Springer-verlag, 1969, Vii + 224 P</subfield></datafield><datafield ind1=" " ind2=" " tag="852"><subfield code="a">46000</subfield></datafield></record></collection>